2717 4834
150 206 446 287 Exutusve
471 206 547 285 au
569 209 788 346 ‚ntuuvu
810 212 886 289 xv
914 218 994 313 (ο)
1042 187 1123 299 331·

74 415 167 501 Quae
198 434 273 477 vero
302 437 321 477 a
345 398 484 478 metricis
511 414 671 479 observata
700 415 786 493 lunt,
826 438 894 481 non
920 420 1036 504 vbiqna
1065 422 1109 487 ad

75 534 185 602 poetae
222 522 327 599 epicos
360 520 470 579 relerrl
505 518 639 602 polluat.
706 523 846 583 Omnino
875 538 978 585 autern
1006 532 1109 588 omnia

73 621 150 685 haec
179 621 220 682 de
241 620 329 683 hiatu
352 609 520 705 disputatio
543 622 582 684 ab
606 624 740 685 aliorum
759 639 924 707 potetatem
943 624 1043 688 vsrbue
1062 626 1109 692 est

72 724 280 801 secludenda,
314 740 348 786 et
373 727 412 786 ad
441 723 552 787 solum'
567 728 740 787 Homerum
769 746 787 787 a
808 727 902 789 nobie
922 749 1110 807 reuocature

74 850 149 890 euna
176 831 261 890 enirn
287 834 453 909 proprium
482 829 619 912 aliquam
642 828 728 891 vlunt
749 826 878 891 servelle
901 825 1011 913 paullo
1038 834 1110 909 dili·

73 934 197 1017 gentiue
216 934 386 1012 inquirenti
403 930 493 993 facile
512 948 609 1014 patet

156 1066 331 1127 Homerum
353 1066 479 1146 quidem
499 1062 599 1127 hiatur
619 1060 846 1151 diligentiffitne
864 1066 992 1133 euitass'a
1010 1086 1112 1137 nemo*
1194 1120 1200 1127 -

72 1184 185 1251 neget,
222 1172 279 1250 qul
306 1164 357 1229 vel
384 1167 503 1251 aliquot
530 1184 679 1230 centenos
708 1168 811 1231 versus
828 1170 948 1255 legerit.
1001 1174 1109 1243 altere

74 1286 178 1331 tamen
205 1290 242 1330 ex
271 1286 359 1351 parte
386 1272 499 1332 multoe
527 1270 627 1332 hiatna
654 1268 777 1335 relictos
805 1270 884 1347 eila,
917 1295 985 1337 non
1009 1286 1109 1365 megin

73 1378 181 1456 negari
220 1370 329 1453 potest
390 1374 579 1437 Dicemuena
608 1374 642 1434 ld
675 1373 802 1437 confillo
830 1392 944 1458 poetae
968 1380 1138 1445 iactum?'

73 1496 111 1537 an
139 1474 201 1537 set!
220 1474 475 1561 apographorum
503 1493 535 1539 et
559 1475 776 1552 librariorum,
811 1476 863 1540 seu
890 1490 1110 1564 grammatico-1

72 1598 143 1639 mm
168 1579 268 1639 vitlo?

157 1714 196 1777 ln
223 1712 325 1777 multia
351 1717 457 1797 vtique
483 1706 615 1777 verfibut
637 1736 658 1778 a
677 1714 862 1797 corruptelie
882 1713 983 1780 hiatur
1003 1721 1111 1802 prole·

73 1824 120 1881 att
143 1816 231 1895 luat,
258 1834 288 1879 et
305 1838 416 1903 magna
437 1816 580 1880 versuum
598 1839 669 1901 part
689 1816 794 1881 saneta
813 1816 857 1881 eit
878 1839 975 1899 opera
992 1828 1110 1889 erifice.

73 1918 206 1985 Restant
230 1930 327 1983 tame'tt
353 1918 404 1981 vel
432 1916 473 1981 fic
500 1916 620 1994 versut,
655 1924 690 1982 in
718 1919 830 2003 quibua
857 1922 982 1984 medela
1001 1928 1112 1991 critice

74 2020 243 2105 suppetere
276 2026 395 2084 videtur
430 2022 527 2085 nulla.
589 2022 750 2107 Ingeniosa
783 2044 888 2105 nuper
925 2029 971 2085 vir
992 2026 1114 2093 doctiss.

75 2130 239 2187 Hermann
266 2130 298 2187 in
329 2126 488 2208 praeclaro
526 2123 606 2187 libro
637 2124 678 2187 de
697 2128 805 2189 Mettis
826 2128 1038 2206 Graecorum,
1068 2132 1111 2195 ad

74 2246 209 2297 metrum
239 2246 271 2290 et
297 2246 475 2304 accentum,
512 2248 614 2311 eoque
641 2226 682 2288 ed
711 2234 831 2291 aurium
857 2229 1009 2291 indicium
1030 2230 1111 2298 haee
1217 2307 1224 2320 ἱ

77 2336 257 2405 reuocauit3
287 2332 329 2392 ad
349 2330 410 2393 hoc
431 2348 553 2404 tamen,
585 2350 657 2391 cunr
675 2344 740 2392 tam
758 2330 912 2393 lubricum
932 2348 963 2393 at
983 2332 1112 2399 arbitre-

77 2442 159 2497 rium
187 2432 241 2510 fit,
275 2434 422 2517 equidem
443 2454 528 2507 uon,
561 2432 617 2495 nist
640 2432 692 2495 vbi
713 2434 814 2509 aliud,
849 2434 939 2517 qnod
959 2456 1113 2520 opportu-

76 2546 145 2601 niua
167 2537 221 2612 lit,
254 2534 360 2598 afferri
377 2550 532 2619 nequeat,
568 2536 755 2621 confugiem.
814 2534 957 2599 Constitit
981 2557 1115 2624 qnoque

78 2642 174 2715 mihi,
193 2662 338 2727 magnam
361 2658 471 2699 eornm
494 2636 632 2699 versuum
639 2682 650 2713 ,
678 2642 713 2700 in
733 2636 846 2721 quibus
866 2636 987 2701 hiatum
1007 2664 1046 2705 ex
1065 2666 1116 2707 ao-

78 2763 171 2806 eentu
194 2750 291 2807 tnitua
312 2738 373 2817 est,
408 2758 590 2823 partemao
612 2756 772 2825 tempore,
805 2760 871 2827 quo
892 2744 1012 2806 conditi
1029 2744 1114 2838 l‘unt,⁸

77 2847 182 2913 nullos
203 2844 304 2908 hiatur
327 2842 474 2909 habuille.

95 3026 109 3050 ,
163 2966 318 3049 Equidem
344 2984 414 3028 cum
441 2968 505 3027 iam
533 2984 552 3026 e
576 2967 703 3049 triginta
724 2962 815 3038 inde,
850 2980 884 3025 et
901 2964 991 3047 qnod
1010 2988 1116 3034 etcum

79 3078 138 3143 rit,
172 3074 260 3131 annu
284 3066 328 3129 ad
347 3065 427 3131 hanc
445 3066 615 3150 prosodiae
635 3080 757 3149 partem
778 3060 991 3144 offendill'em,
1027 3088 1059 3133 et
1079 3078 1116 3139 in

79 3155 190 3251 omnes
198 3192 254 3253 ‘me
269 3186 372 3254 parter
388 3187 559 3245 verterem,
583 3168 846 3252 necquidquam,
867 3170 956 3251 quod
972 3180 1060 3235 omni
1073 3197 1115 3241 ex

79 3292 170 3357 parte
193 3275 395 3348 satisfaceret,
419 3268 595 3357 reperiss'em
603 3317 614 3348 ,
631 3270 887 3355 quandoquidem
901 3289 1003 3349 certa,
1019 3278 1116 3361 liqui.

83 3378 126 3453 de
142 3394 171 3441 et
185 3378 361 3463 explorata,
381 3398 449 3439 non
464 3375 535 3445 licta
549 3390 581 3436 et
597 3390 783 3456 properata,
811 3374 1018 3457 quaerebam,
1038 3402 1121 3447 non.

81 3480 169 3543 nulla
188 3482 308 3561 tainen,
330 3501 411 3563 quaa
432 3478 553 3563 liquere
576 3477 776 3552 viderentur,
799 3478 1047 3553 animaduertere
1060 3491 1119 3547 mi·

84 3582 121 3643 bi
162 3584 236 3647 visua
275 3585 356 3648 sum:
396 3604 497 3667 eaque
532 3578 618 3643 haud
642 3572 769 3665 pigebit
788 3587 1019 3647 communicare
1048 3568 1121 3651 cum

86 3685 171 3761 aliia,
199 3702 230 3751 vt
252 3688 394 3762 adalia,
418 3688 654 3751 lortecertiora
684 3722 695 3758 ,
726 3682 928 3745 deducantur.

174 3804 290 3868 Verum
315 3804 565 3869 constituendum
594 3802 740 3880 allanto
765 3805 885 3882 omnia,
920 3810 975 3891 qui
996 3804 1054 3869 lint
1073 3804 1123 3873 illi
1211 3858 1215 3863 .

89 3900 207 3989 lriauu,
240 3910 281 3971 de
311 3909 423 3994 quibua
451 3908 501 3971 hic
530 3924 706 3993 quaeratur.
768 3908 905 3969 Primum
934 3909 1123 3972 excludendi
1150 3919 1153 3925 '
1277 3996 1281 4007 Ι

90 4006 174 4085 ῐιιιιῑΙ
189 4012 248 4086 illi,
285 4034 352 4077 non
380 4030 463 4075 recte
485 4012 585 4075 hiatus
608 4009 772 4093 appellati,
807 4012 936 4093 mando
956 4010 1124 4093 diphthon.

93 4128 168 4197 μὴ·
204 4114 266 4179 tel.
287 4116 403 4183 vocalia
431 4116 543 4202 louge,
586 4134 667 4200 qnae
696 4128 729 4177 et
746 4110 851 4193 lpsee
870 4112 950 4189 binle
970 4112 1140 4179 bruttium-z
